<?xml version="1.0" encoding="UTF-8"?><collection xmlns="http://www.loc.gov/MARC21/slim"><record><leader>00600nam--2200169-i-4500</leader><controlfield tag="001">000049190</controlfield><controlfield tag="002">20161230</controlfield><controlfield tag="005">20161230201047</controlfield><controlfield tag="008">060222s1000------------r-----000-0-eng-d</controlfield><datafield ind1=" " ind2=" " tag="040"><subfield code="a">IFIN-HH</subfield></datafield><datafield ind1=" " ind2=" " tag="080"><subfield code="a">538.951:62(061.3)</subfield></datafield><datafield ind1="1" ind2=" " tag="110"><subfield code="a">Department Of Atomic Energy</subfield></datafield><datafield ind1="1" ind2="0" tag="245"><subfield code="a">Proceedings of the symposium on structure property correlations and instrumental techniques in materials research</subfield><subfield code="b">Regional engineering college rourkela october 24-26, 1977</subfield></datafield><datafield ind1=" " ind2=" " tag="260"><subfield code="a">Rourkela, India</subfield><subfield code="b">Department Of Atomic Energy</subfield><subfield code="c">1977</subfield></datafield><datafield ind1=" " ind2=" " tag="300"><subfield code="a">IV + 495P</subfield></datafield><datafield ind1=" " ind2=" " tag="852"><subfield code="a">46688</subfield><subfield code="c">539.2</subfield></datafield><datafield ind1=" " ind2=" " tag="CAT"><subfield code="a">Sys</subfield><subfield code="c">20121030</subfield><subfield code="h">140411</subfield></datafield></record></collection>